@book{Manning:2008:IIR:1394399,
 author = {Manning, Christopher D. and Raghavan, Prabhakar and Sch\"{u}tze, Hinrich},
 title = {Introduction to Information Retrieval},
 year = {2008},
 isbn = {0521865719, 9780521865715},
 publisher = {Cambridge University Press},
 address = {New York, NY, USA},
} 

@book{croft_search_2010,
	title = {Search engines: information retrieval in practice},
	isbn = {9780136072249},
	shorttitle = {Search engines},
	publisher = {Addison-Wesley},
	author = {Croft, W. Bruce and Metzler, Donald and Strohman, Trevor},
	year = {2010},
	keywords = {Search engines, Programming, Information retrieval, Information Storage and Retrieval, Knowledge Bases}
}

@article{schutze_cooccurrence-based_1997,
	title = {A cooccurrence-based thesaurus and two applications to information retrieval},
	volume = {33},
	issn = {03064573},
	url = {https://linkinghub.elsevier.com/retrieve/pii/S0306457396000684},
	doi = {10.1016/S0306-4573(96)00068-4},
	language = {en},
	number = {3},
	journal = {Information Processing \& Management},
	author = {Sch√ºtze, Hinrich and Pedersen, Jan O.},
	month = may,
	year = {1997},
	pages = {307--318}
}


@book{goodfellow_deep_2016,
	address = {Cambridge, Massachusetts},
	series = {Adaptive computation and machine learning},
	title = {Deep learning},
	isbn = {9780262035613},
	publisher = {The MIT Press},
	author = {Goodfellow, Ian and Bengio, Yoshua and Courville, Aaron},
	year = {2016},
	keywords = {Machine learning}
}

@online{noauthor_informationretrievalws1819_nodate,
	title = {Hannah Bast, Lezioni del corso di Information Retrieval, Albert-Ludwigs-Universit{\"a}t Freiburg},
	url = {http://ad-wiki.informatik.uni-freiburg.de/teaching/InformationRetrievalWS1819},
}

@online{noauthor_javascript:_nodate,
	title = {{JavaScript}: {Understanding} the {Weird} {Parts}},
	shorttitle = {{JavaScript}},
	url = {https://www.udemy.com/course/understand-javascript/},
	abstract = {An advanced JavaScript course for everyone! Scope, closures, prototypes, 'this', build your own framework, and more.},
	language = {en-us},
	journal = {Udemy}
}

@book{rauschmayer_javascript_2019,
	title = {{JavaScript} for impatient programmers},
	isbn = {9781091210097},
	language = {English},
	author = {Rauschmayer, Axel},
	year = {2019}
}

@article{azad_new_2019,
	title = {A new approach for query expansion using {Wikipedia} and {WordNet}},
	volume = {492},
	issn = {00200255},
	url = {https://linkinghub.elsevier.com/retrieve/pii/S0020025519303263},
	doi = {10.1016/j.ins.2019.04.019},
	language = {en},
	journal = {Information Sciences},
	author = {Azad, Hiteshwar Kumar and Deepak, Akshay},
	month = aug,
	year = {2019},
	pages = {147--163}
}

@article{gan_improving_2015,
	title = {Improving {Query} {Expansion} for {Information} {Retrieval} {Using} {Wikipedia}},
	volume = {8},
	issn = {20054270, 20054270},
	url = {http://article.nadiapub.com/IJDTA/vol8_no3/3.pdf},
	doi = {10.14257/ijdta.2015.8.3.03},
	number = {3},
	journal = {International Journal of Database Theory and Application},
	author = {Gan, Lixin and Hong, Huan},
	month = jun,
	year = {2015},
	pages = {27--40}
}